%% This BibTeX bibliography file was created using BibDesk.
%% http://bibdesk.sourceforge.net/
% Encoding: UTF-8

@book{game_design_secret_sages,
	author = {Marc Saltzman},
	title = {Game design: secrets of the sages},
	isbn = 9781575952574,
	year = 1999,
}

@online{best_multiplayer_maps_one,
    author = {Dennis Scimeca},
    title = {How To Build The Best Multiplayer FPS Maps: Part One},
    year = 2011,
    month = 12,
    url = {http://www.g4tv.com/thefeed/blog/post/719216/how-to-build-
the-best-multiplayer-fps-maps-part-one/}
}

@online{best_multiplayer_maps_two,
    author = {Dennis Scimeca},
    title = {How To Build The Best Multiplayer FPS Maps: Part Two},
    year = 2011,
    month = 12,
    url = {http://www.g4tv.com/thefeed/blog/post/719253/how-to-build-
the-best-multiplayer-fps-maps-part-two/}
}


@mastersthesis{the_invisible_hand,
  author       = {Thomas Hoeg}, 
  title        = {The Invisible Hand: Using level design elements to manipulate player choice},
  school       = {M.S.E., Case Western Reserve University},
  year         = 2008,
  month        = 8,
}

@online{larsenleveldesignpatterns,
author = {Simone Larsen},
title = {Level design patterns},
year = {2006},
url = {https://simonlundlarsen.com/wp-content/uploads/2015/06/Level-design-patterns.pdf},
}

@online{half_life_2,
author = {Matthew Gallant},
title = {Guiding the player’s eye},
year = {2009},
url = {http://gangles.ca/
2009/05/26/guiding-the-eye/}
}


@inproceedings{design_patterns_fps,
  title={Design patterns in FPS levels},
  author={Kenneth Hullett and E. James Whitehead},
  booktitle={FDG},
  year={2010}
}

@inproceedings{science_level_design,
  title={The Science of Level Design: Design Patterns and Analysis of Player Behavior in First-person Shooter Levels},
  author={Kenneth Hullett},
  year={2012}
}

@inproceedings{spatial_principles_level_design,
author = {G\"{u}ttler, Christian and Johansson, Troels Degn},
title = {Spatial Principles of Level-Design in Multi-Player First-Person Shooters},
year = {2003},
isbn = {1581137346},
publisher = {Association for Computing Machinery},
address = {New York, NY, USA},
url = {https://doi.org/10.1145/963900.963915},
doi = {10.1145/963900.963915},
booktitle = {Proceedings of the 2nd Workshop on Network and System Support for Games}
}

@article{essentials_of_metaheuristics,
  title={Sean Luke: essentials of metaheuristics},
  author={Michael Adam Lones},
  journal={Genetic Programming and Evolvable Machines},
  year={2011},
  volume={12},
  pages={31-58}
}

@article{ea_critical_review,
  title={Evolutionary algorithms: A critical review and its future prospects},
  author={P. A. Vikhar},
  journal={2016 International Conference on Global Trends in Signal Processing, Information Computing and Communication (ICGTSPICC)},
  year={2016},
  pages={261-265}
}

@article{sbpcg_taxonomy,
  title={Search-Based Procedural Content Generation: A Taxonomy and Survey},
  author={Julian Togelius and Georgios N. Yannakakis and Kenneth O. Stanley and Cameron Browne},
  journal={IEEE Transactions on Computational Intelligence and AI in Games},
  year={2011},
  volume={3},
  pages={172-186}
}

@inproceedings{cardamone_evolving_maps,
  title={Evolving Interesting Maps for a First Person Shooter},
  author={Luigi Cardamone and Georgios N. Yannakakis and Julian Togelius and Pier Luca Lanzi},
  booktitle={EvoApplications},
  year={2011}
}


@MastersThesis{stucchi_evoluzione,
author = {Riccardo Stucchi},
title = {Evoluzioni di mappe bilanciate per FPS con algoritmi
evolutivi},
school = {Politecnico di Milano},
year = {2013}
}

@MastersThesis{arnaboldi_framework,
author = {Luca Arnaboldi},
title = {Sviluppo di un framework per la progettazione e l’analisi di mappe per First Person Shooters},
school = {Politecnico di Milano},
year = {2015}
}

@MastersThesis{ballabio_framework,
author = {Marco Ballabio},
title = {An Online Framework for User-Based Analysis of Maps in First Person Shooters},
school = {Politecnico di Milano},
year = {2017}
}


@inproceedings{bhojan_hong_arena,
  title={ARENA - Dynamic Run-Time Map Generation for Multiplayer Shooters},
  author={Bhojan Anand and Hong Wei Wong},
  booktitle={ICEC},
  year={2014}
}

@online{game_balance_concepts,
author = {Ian Schreiber},
title = {Game Balance Concepts. A continued experiment in game design and teaching},
year = {2010},
url = {https://gamebalanceconcepts.wordpress.com/}
}


@online{pascal_multiplayer,
author = {Pascal Luban},
title = {Multiplayer Level Design In-Depth},
year = {2006},
url = {http://www.gamasutra.com/view/feature/1795/multiplayer_level_design_indepth_.php}
}


@online{epic_multiplayer,
author = {Epic Games},
title = {Multiplayer Map Theory (Gears of War) },
url = {https://docs.unrealengine.com/udk/Three/GearsMultiplayerMapTheory.html}
}



@online{dodger_multiplayer,
author = {Dodger},
title = {Designing FPS Multiplayer Maps},
year = {2008},
url = {https://www.ongamedesign.net/designing-fps-multiplayer-maps-part-1/}
}



@online{keith_multiplayer,
author = {Keith Burgun},
title = {Understanding Balance in Video Games Keith Burgun},
year = {2011},
url = {https://www.gamedeveloper.com/design/understanding-balance-in-video-games}
}

@article{fun_human_bots,
  title={Bots trained to play like a human are more fun},
  author={Bhuman Soni and Philip Hingston},
  journal={2008 IEEE International Joint Conference on Neural Networks (IEEE World Congress on Computational Intelligence)},
  year={2008},
  pages={363-369}
}

@inproceedings{ai_reinforcement_learning,
  title={Playing FPS Games with Deep Reinforcement Learning},
  author={Guillaume Lample and Devendra Singh Chaplot},
  booktitle={AAAI},
  year={2017}
}

@inproceedings{rabin_reaction_time,
  title={Agent Reaction Time: How Fast Should an AI React?},
  author={Steve Rabin},
  year={2015}
}

@article{olsted_interactive_evolution_competitive,
  title={Interactive evolution of levels for a competitive multiplayer FPS},
  author={Peter Thorup Ølsted and Benjamin Ma and Sebastian Risi},
  journal={2015 IEEE Congress on Evolutionary Computation (CEC)},
  year={2015},
  pages={1527-1534}
}


@mastersthesis{quake_3,
  author       = {J.M.P. van Waveren}, 
  title        = {The Quake 3 Arena Bot},
  school       = {University of Technology Delft},
  year         = 2001,
  month        = 6,
}

@misc{bt_abuse,
  author       = {Bobby Anguelov}, 
  title        = {Behavior Trees: Breaking the Cycle of Misuse},
  url          = {https://takinginitiative.files.wordpress.com/2020/01/behaviortrees_breaking-the-cycle-of-misuse.pdf},
  year         = 2020,
  urldate      = {2022-03-05}
}

@misc{goap,
  author       = {Jeff Orkins}, 
  title        = {Goal-Oriented Action Planning (GOAP)},
  url          = {http://alumni.media.mit.edu/~jorkin/goap.html},
  year         = 2003,
  urldate      = {2022-03-05}
}

@article{ngsaII,
title = {Overview of NSGA-II for Optimizing Machining Process Parameters},
journal = {Procedia Engineering},
volume = {15},
pages = {3978-3983},
year = {2011},
note = {CEIS 2011},
issn = {1877-7058},
doi = {https://doi.org/10.1016/j.proeng.2011.08.745},
url = {https://www.sciencedirect.com/science/article/pii/S1877705811022466},
author = {Yusliza Yusoff and Mohd Salihin Ngadiman and Azlan Mohd Zain},
keywords = {Machining, Optimization Technique, NSGA-II},
}

@article{neural_network_bot,
author = {Westra, J.},
year = {2007},
month = {04},
pages = {},
title = {Evolutionary neural networks applied in first person shooters}
}

@online{neural_network_bot_2,
 author = {Roman Bityutskiy},
 link = {https://github.com/r0man-b/Half-Life-2-AI}
}
